<?xml version="1.0" encoding="UTF-8"?><collection xmlns="http://www.loc.gov/MARC21/slim"><record><leader>00349nam--2200121-i-4500</leader><controlfield tag="001">000027878</controlfield><controlfield tag="002">20161230</controlfield><controlfield tag="005">20161230201037</controlfield><controlfield tag="008">060222s1000------------r-----000-0-eng-d</controlfield><datafield ind1=" " ind2=" " tag="100"><subfield code="a">Lederern, Edgar</subfield></datafield><datafield ind1=" " ind2=" " tag="245"><subfield code="a">Chromatography a review of principles and applications. 2nd edition enlarged</subfield></datafield><datafield ind1=" " ind2=" " tag="260"><subfield code="a">Amsterdam, Elsevier, 1957, Xx + 711p</subfield></datafield><datafield ind1=" " ind2=" " tag="852"><subfield code="a">12392</subfield></datafield></record></collection>